2065 3365
446 256 567 296 ,9-

103 398 184 442 titulos
204 397 343 452 sepulcrales
362 397 458 441 mortuis
479 398 566 451 positos
587 409 643 452 esse,
663 395 687 439 in
707 396 788 451 quibus
808 397 836 439 de
852 408 908 450 pace

103 469 156 525 post
174 475 270 515 mortem
289 472 385 514 mortuis
402 471 461 513 ,data
482 471 566 525 agitun
598 469 660 513 Idem
679 468 728 513 iere
747 468 908 522 inscriptiones

103 542 207 587 Graecae
224 545 354 598 ostendunt,
371 555 430 597 quae
442 543 575 596 saepissime
591 543 619 585 ab
636 542 670 586 his
687 541 765 585 verbis
777 541 907 584 ordiuntur:

105 614 215 672 ,Ἐνθάδε
230 623 301 660 κεῖται
317 618 339 659 ἐν
356 615 452 673 etppopf‘
485 615 551 659 Unde
570 617 646 658 autem
665 614 724 658 haec
744 613 808 668 pacis
831 613 907 668 opinio

102 691 155 732 orta
171 690 209 742 sit,
226 688 284 731 satis
300 688 414 732 indicasse
429 687 485 731 mihi
501 688 588 731 videor.

164 760 198 804 De
206 772 261 814 paee
269 760 366 804 alterurn
374 772 463 815 quoque
470 772 542 815 genus
551 759 728 803 christianarum
734 760 908 814 inscriptionum

102 834 159 888 agit,
177 845 233 887 quas
245 834 317 878 verba
332 833 373 876 illa
385 831 500 887 euangelii
516 831 592 875 Lucae
598 832 614 887 1)
626 836 730 886 spectare
744 836 807 888 puto,
825 833 907 887 quibus

101 905 166 949 lesus
182 909 235 959 post
251 905 441 949 resurrectionem
458 904 581 958 discipulos
597 916 650 948 suos
669 903 771 948 adfatur:
791 905 853 963 ,Pax
870 918 907 948 vo-

101 977 210 1032 biscum“,
239 990 297 1032 quae
323 977 434 1021 salutatio
462 977 535 1020 adhuc
562 977 632 1020 etiam
658 977 682 1020 in
708 977 770 1021 cultu
796 978 907 1021 ecclesiae

102 1050 242 1094 christianae
258 1049 409 1094 usitatissima
426 1053 479 1093 est·
501 1050 552 1106 Qua
568 1050 592 1092 in
608 1061 633 1092 re
650 1051 774 1093 notandum
783 1054 830 1105 est,
846 1052 907 1105 quod

101 1123 305 1183 paucisexceptis
332 1135 376 1166 non
397 1122 447 1166 'nisi
474 1123 497 1164 in
523 1121 618 1166 Gallicis
640 1122 827 1176 inscriptionibus
850 1123 907 1167 haec

102 1196 192 1249 optatio
210 1199 233 1239 11
249 1195 359 1238 salutatio
375 1207 429 1238 vere
446 1194 572 1238 christiana
583 1195 649 1238 nobis
662 1196 768 1243 occurrit.
792 1194 825 1257 Le
836 1195 906 1238 Blant

102 1268 160 1310 enim
176 1269 200 1310 11
216 1267 351 1311 collectione
363 1268 502 1312 Gallicarum
513 1268 687 1322 inscriptionum
697 1267 738 1311 has
753 1267 829 1312 affert:
843 1269 906 1323 „Pax

101 1340 230 1383 uobiscum“
245 1339 313 1396 [5261
333 1340 396 1394 ,Pax
412 1338 499 1383 111111α
514 1339 574 1395 1491,
589 1341 640 1393 195,
657 1342 708 1393 197,
724 1342 774 1394 499,
791 1342 841 1394 519,
855 1343 905 1394 520,

102 1414 153 1467 522,
173 1412 233 1469 5411,
255 1413 318 1468 „Pax
336 1416 410 1455 tecum
431 1411 474 1455 situ
492 1412 559 1469 [533],
581 1412 644 1467 „Par
660 1414 729 1455 ticum
745 1413 789 1456 sit‘·'
811 1412 905 1470 [329A].

101 1485 220 1528 Accedunt
242 1497 270 1528 ex
291 1485 347 1528 urbe
375 1485 448 1528 Roma
469 1485 532 1540 „Pax
554 1482 642 1528 tecum“
669 1485 693 1527 in
717 1484 820 1539 „Notinie
844 1486 906 1539 degli

104 1559 169 1609 soavi
185 1558 209 1600 di
225 1558 286 1601 ant.‘¹
308 1559 365 1601 1901
382 1557 406 1600 in
424 1571 445 1612 p.
468 1559 511 1601 485
528 1558 588 1613 (bis),
604 1559 628 1600 in
641 1557 781 1612 „Bullettino
798 1558 821 1600 di
837 1558 905 1601 Arch.

88 1630 180 1674 .orist·.“
200 1630 247 1673 Ser.
260 1630 281 1672 V
300 1643 336 1673 an.
351 1630 383 1674 lll
404 1644 425 1684 p.
441 1632 477 1684 91,
496 1631 520 1673 11
539 1630 633 1685 „Nuovo
651 1617 777 1673 Bullettino
795 1631 818 1673 di
831 1631 858 1674 A.
874 1643 904 1673 or.

98 1701 348 1758 Ἰ(Τ111.ΧΠ111189),
371 1702 501 1757 singulares
525 1706 579 1746 sunt
603 1703 654 1746 hae·
667 1704 725 1746 duae
744 1703 905 1757 inscriptiones

103 1774 167 1828 „Pax
185 1770 264 1818 tecum
279 1775 311 1818 sit
336 1787 385 1818 cum
404 1774 465 1817 tuis“
484 1774 550 1830 [Bull.
567 1775 590 1817 di
608 1774 635 1817 A.
655 1787 685 1817 cr.
711 1774 791 1818 Seer
815 1787 857 1817 am.
869 1774 906 1818 ΠΙ

100 1859 121 1899 p.
135 1846 185 1902 132]
203 1846 299 1891 inventa
315 1859 386 1901 prope
403 1846 502 1890 Caralim
518 1849 588 1900 atque
607 1846 669 1901 „Pax
684 1846 728 1889 tibi
743 1859 792 1889 cum
803 1847 903 1890 sanetis‘⁴

102 1917 200 1973 [Notizie
212 1920 233 1962 d.
245 1931 276 1962 sc.
290 1921 347 1962 1896
364 1931 417 1974 pag.
430 1918 481 1974 324]
493 1919 589 1962 inventa
600 1930 671 1973 prope
682 1919 809 1962 Bolsenam.

160 1991 209 2034 lam
226 1993 253 2034 de
270 1991 379 2046 epithetis
395 1992 468 2036 uerba
484 1990 573 2046 faciam,
592 2003 650 2045 quae
665 1991 761 2035 mortuis
781 1991 831 2035 siue
847 1992 904 2036 uiris
933 2030 935 2036 ,

99 2064 150 2107 sive
176 2064 265 2108 feminis
289 2064 429 2117 tribuuntur,
458 2063 511 2118 quia
538 2076 622 2118 magna
649 2076 676 2107 ex
702 2069 769 2118 parte
796 2077 824 2107 ex
848 2064 905 2108 locis

99 2136 213 2181 nonnullis
234 2135 366 2191 Scripturae
386 2135 470 2180 Sacrae
489 2136 572 2179 hausta
592 2148 642 2179 esse
661 2136 716 2179 mihi
731 2137 846 2180 ridentur.
878 2137 906 2180 ln

99 2209 142 2252 hoo
174 2221 267 2253 numero
297 2209 400 2263 inprimis
433 2207 563 2252 afferendae
596 2211 650 2252 sunt
681 2209 843 2263 inscriptiones
875 2209 906 2254 fe-

99 2280 216 2335 minarum,
241 2293 300 2336 quae
322 2285 363 2324 aut
387 2280 485 2337 „ancilla
506 2280 563 2324 Dei‘
585 2282 635 2333 (aut
656 2281 779 2335 „Christi“)
799 2285 840 2325 aut
861 2282 906 2336 „fa-

99 2353 161 2397 mula
191 2354 250 2397 Dei“
283 2354 334 2411 (aut
357 2352 482 2412 „Christi‘l
504 2352 637 2408 saepissime
668 2353 821 2411 appellantur,
849 2367 905 2409 quas

97 2426 265 2479 appellationes
282 2431 388 2470 auctores
405 2426 484 2469 harum
501 2425 675 2480 inscriptionum
693 2427 812 2481 evangelio
829 2428 906 2471 Lucae
937 2433 939 2437 ’

100 2498 119 2554 [Ι
130 2498 167 2555 38]
184 2501 254 2554 atque
270 2500 342 2553 primo
358 2499 447 2554 Regum
462 2498 604 2555 libro-[111]
626 2499 716 2543 debent.
748 2500 853 2555 Longum
871 2503 906 2544 est

99 2583 176 2615 omnes
192 2572 272 2616 titulos
285 2584 423 2625 enumerare,
435 2572 459 2614 in
471 2572 552 2626 quibus
563 2572 620 2615 haec
631 2572 735 2626 epitheta
746 2574 905 2628 inveniuntur,

98 2645 156 2688 satis
173 2644 246 2688 habeo
264 2644 366 2688 omnibus
377 2644 518 2699 temporibus
535 2647 605 2699 atque
621 2644 678 2689 locis
695 2657 723 2688 ea
734 2645 839 2689 adhibita
856 2657 906 2689 esse

98 2717 190 2762 dixisse.
222 2717 301 2771 Neque
319 2717 401 2773 differt,
418 2722 493 2761 utrum
505 2720 596 2761 mortua
614 2717 829 2774 „ancilla(ian1ula)
847 2718 904 2762 Dei“

159 2873 178 2917 1)
192 2873 255 2910 XXIV
261 2875 284 2911 36
297 2889 322 2903 =
334 2873 405 2911 loann.
419 2873 454 2910 XX
464 2876 492 2911 19.
