2065 3365
494 288 620 328 ,6,-

218 428 300 471 Totam
324 427 466 484 materiaml)
493 429 536 472 hoc
559 430 625 472 modo
647 431 771 485 disponam,
794 433 820 473 ut
840 430 865 472 in
887 428 959 483 primo

158 501 232 555 capite
249 501 277 543 dc
294 499 427 554 Scripturae
447 500 531 544 Sacrae
551 501 657 556 vestigiis
672 501 696 545 iu
713 501 787 545 titulis
804 502 908 546 oratione
924 512 960 554 pe-

158 566 230 617 destri
241 573 383 626 conscriptis,
401 572 424 615 in
441 572 515 616 altero
528 573 556 615 de
572 572 663 616 biblicis
674 573 776 621 fontibus
787 573 960 628 inscriptionum

157 646 261 689 versibus
281 648 440 699 conceptarum
457 657 531 699 agam,
551 645 576 688 iu
595 646 665 689 tertio
686 647 782 700 denique
802 646 884 701 capite,
902 656 960 700 quae

158 720 185 763 de
206 718 284 762 latinis
306 718 439 772 Scripturae
464 717 550 761 Sacrae
573 717 718 761 versionibus
742 719 852 780 adhibitis
875 717 899 761 in
924 717 959 760 his

158 791 343 846 inscriptionibus
365 791 445 844 habeo,
467 788 587 844 proferam.
620 790 719 834 Primam
742 804 797 835 vero
820 794 843 834 et
863 790 960 834 alteram

159 869 245 919 partem
261 864 374 918 separari,
392 876 440 907 cum
450 862 474 906 in
485 862 582 917 poeticis
596 862 671 906 titulis
682 863 748 907 varie
758 866 853 917 propter
863 864 960 906 metrum

158 937 252 980 mutatis
262 937 332 980 multo
345 935 457 979 difficilior
469 935 500 979 511
511 939 534 978 01
544 934 655 978 incertior
666 935 770 988 quaestio
784 935 824 978 illa
836 936 864 978 dc
875 934 960 978 Sacrae

160 1010 290 1063 Scripturas
312 1008 383 1053 fonte.
415 1008 466 1052 Non
482 1019 537 1051 vero
559 1007 661 1062 distinxi,
685 1009 762 1050 utrum
782 1006 842 1051 tales
864 1005 909 1050 loci
930 1006 960 1049 ad

158 1084 220 1136 ipsos
236 1082 307 1125 libros
323 1094 400 1125 sacros
417 1079 541 1126 revocandi
557 1080 604 1123 sint
621 1092 650 1122 an
666 1081 696 1123 ad
712 1079 838 1134 scriptores
855 1078 959 1123 ecclesia-

160 1155 229 1198 511005
252 1155 426 1208 intercedentes,
447 1153 472 1196 id
493 1153 553 1207 quod
573 1152 694 1206 praecipue
714 1152 738 1195 in
760 1150 861 1195 metricis
884 1149 959 1194 titulis

160 1226 249 1280 saepius
265 1226 350 1270 factum
367 1239 416 1270 esse
433 1225 482 1269 reri
498 1237 543 1268 non
562 1224 671 1268 dissimile
691 1227 733 1279 est,
753 1224 793 1267 sed
813 1235 901 1277 semper
916 1234 959 1265 me·

159 1300 252 1342 moriam
269 1300 399 1352 primariam
414 1298 518 1352 repetivi.

509 1513 582 1568 Caput
597 1514 614 1558 l.

225 1611 260 1654 lle
278 1610 403 1666 Scriptura
419 1610 493 1654 Sacra
508 1611 534 1654 in
549 1610 751 1666 inscriptionibus
766 1609 894 1664 prosaicis.

223 1695 362 1749 Quamquam
378 1694 441 1737 tituli
457 1694 492 1737 illi
510 1695 655 1748 sepulcrales,
676 1694 715 1748 qui
734 1693 838 1736 oratione
856 1692 959 1746 pedestri

161 1769 265 1821 concepti
280 1772 340 1820 sunt,
356 1778 402 1809 non
412 1767 477 1810 modo
489 1766 561 1809 minus
573 1765 696 1810 artificiose
707 1765 755 1809 ficti
766 1768 826 1819 sunt,
838 1766 878 1808 sed
890 1763 958 1808 etiam
977 1791 978 1794 =

160 1840 280 1881 sententiis
296 1839 387 1881 biblicis
398 1839 529 1892 saepissime
545 1839 634 1882 omnino
649 1842 735 1893 carent,
752 1850 796 1881 non
813 1849 866 1880 raro
883 1841 959 1881 tamen

161 1922 236 1953 eorum
252 1911 341 1953 initium
356 1909 383 1953 fit
399 1923 413 1953 a
429 1910 541 1953 nonnullis
558 1910 641 1969 uerbis,
659 1922 716 1965 quae
733 1923 760 1953 ex
776 1909 870 1963 scriptis
886 1909 958 1952 sacris

161 1988 251 2036 sumpta
271 1995 320 2025 esse
339 1983 454 2025 uidentur.
485 1982 567 2027 1111115
584 1995 672 2037 quoque
691 1982 830 2037 temporibus
846 1982 910 2025 tituli
926 1993 958 2025 50-

160 2055 274 2109 pulcralcs
290 2054 325 2097 his
342 2055 418 2097 verbis
435 2054 564 2097 ordiuntur:
583 2055 652 2110 „Hier
665 2055 732 2098 ruhct
747 2055 770 2098 in
787 2054 900 2098 Friedeu“
918 2057 959 2096 aut

163 2128 232 2184 ,Hier
248 2127 314 2170 ruhet
330 2127 353 2169 in
370 2124 440 2171 (1011α
462 2133 501 2169 aut
521 2127 638 2176 similibus,
658 2139 715 2182 quae
734 2127 806 2171 verba
826 2131 887 2170 certe
908 2126 958 2169 reli-

160 2201 249 2254 gionem
260 2198 407 2241 christianam
418 2198 515 2252 sapiunt,
527 2199 561 2242 ita
572 2199 639 2242 simili
650 2201 716 2242 modo
724 2199 825 2243 homines
838 2198 958 2242 christiani

159 2271 249 2314 illarum
265 2273 366 2314 aetatum
382 2271 520 2325 superiorum
531 2276 625 2315 mortem
636 2285 685 2316 cum
701 2284 778 2316 somno
790 2271 884 2326 pacifico
901 2284 958 2315 com-

159 2346 307 2397 paraverunt,
324 2355 389 2397 quam
406 2344 525 2398 imaginem
545 2357 573 2388 er
591 2345 681 2389 Psalmo
702 2349 784 2400 quarto
803 2345 896 2389 fluxisse
911 2345 957 2387 iam

160 2415 288 2470 suspicatus
306 2428 373 2469 eram,
387 2416 517 2470 priusquam
527 2429 598 2460 meam
610 2418 759 2473 suspicionem
771 2418 820 2462 uidi
833 2421 879 2461 iam
894 2429 957 2461 occu-

158 2499 226 2542 passe
241 2487 274 2530 Le
288 2487 365 2542 Blant,
383 2488 421 2543 qui
437 2490 466 2531 ad
477 2490 549 2533 rerba
562 2490 716 2545 inscriptionis
733 2490 800 2534 3360
818 2491 893 2546 operis
910 2489 956 2533 sui:

161 2561 201 2615 „ln
212 2572 268 2617 pace
283 2560 390 2603 dormiam
405 2564 428 2604 01
442 2561 593 2616 requiescam“
608 2562 665 2607 mira
677 2565 774 2619 quadam
789 2566 859 2619 atquc
875 2563 956 2607 timida

159 2645 230 2687 paene
247 2634 351 2677 cautione
367 2634 499 2690 adscripsit:
518 2636 560 2691 „Je
577 2637 635 2680 crois
651 2639 796 2681 reconnaitre
814 2637 957 2681 101111010-

158 2706 293 2760 prodnction
316 2707 355 2749 des
377 2706 471 2751 Parolcs
492 2709 521 2751 du
544 2709 674 2754 Psalmiste:
694 2710 721 2754 ln
740 2723 797 2765 pace
816 2711 839 2754 in
858 2709 956 2764 idipsum

220 2837 239 2881 1)
253 2837 346 2874 Tractavi
354 2838 424 2876 titulos
433 2849 496 2887 usque
505 2841 531 2878 ad
540 2852 614 2879 annum
624 2843 817 2891 octingentesimum,
828 2842 876 2891 qnia
883 2843 956 2880 harum

158 2901 246 2936 aetatum
259 2898 356 2945 reliquiae
369 2900 509 2948 epigrapliicae
521 2903 561 2939 iarn
575 2903 670 2942 collectae
683 2907 735 2943 sunt.
