2065 3365
433 266 554 307 ..7-

92 407 201 451 dormiam
222 410 245 450 et
269 407 408 461 requiescam
433 407 526 465 [lV9}“.
561 406 626 451 illam
650 406 820 462 inscriptionem
843 408 894 463 ipsa

91 481 320 524 verba'Psalmistae
335 483 401 525 modo
421 481 517 524 laudata
532 482 627 525 reddere
650 481 701 536 quis
723 480 833 535 negabit?
863 481 894 524 si-

90 552 183 596 millima
199 555 275 596 autem
286 554 358 598 uerba
373 554 397 597 in
408 553 510 608 plurimis
521 553 709 608 inscriptionibus
720 553 819 607 repperi,
836 565 894 607 quae

91 626 216 679 scriptores
243 626 293 671 sive
319 627 349 669 ad
372 627 466 671 verbum
489 626 539 669 sive
563 627 592 669 ad
615 639 705 670 sensum
728 625 893 680 repetiverunt.

90 697 194 753 Formae,
212 710 269 753 quas
285 700 371 742 totiens
391 698 510 753 repetitas,
530 702 556 741 ut
575 698 678 754 singulas
698 710 830 742 enumerare
844 710 894 741 non

91 782 146 824 opus
156 772 243 826 ducam,
251 770 399 826 investigavi,
408 774 462 814 sunt
469 771 523 814 hae:
537 770 640 826 „Dormit
650 773 674 814 in
685 772 763 825 pace“,
777 769 894 826 „Quiescit

90 842 113 884 in
129 844 207 897 pace‘,
230 843 287 898 „Hic
304 843 402 897 quiescit
417 843 441 886 in
457 843 536 897 pace“,
559 842 617 898 „Hic
635 843 758 898 requiescit
774 843 798 885 in
814 842 892 898 pace“,

90 913 134 957 Hic
150 916 211 958 iacet
226 914 250 958 in
269 913 347 968 pace“,
369 915 427 970 „Hic
445 915 570 969 requiescit
588 915 613 958 in
632 928 708 959 somno
728 915 814 970 pacis“,
836 914 894 970 „Hic

90 986 173 1030 dormit
189 986 213 1030 in
229 999 307 1031 somno
323 987 412 1042 pacis“,
430 987 470 1041 „ln
486 999 542 1041 pace
558 987 761 1033 dominid01·mit.“
793 987 839 1031 Pro
856 999 893 1031 ro-

90 1059 170 1102 cabulo
184 1060 254 1115 „Hic“
268 1060 400 1114 saepissime
411 1061 497 1115 legitur
510 1060 546 1115 „iu
558 1060 601 1104 hoc
611 1060 683 1115 loco“‚
700 1062 736 1115 ,in
748 1061 790 1103 hoc
801 1058 892 1109 titulo“‚

92 1131 129 1187 „in
145 1131 188 1179 hoc
203 1132 313 1187 tumulo“,
331 1132 368 1187 ,in
384 1133 427 1176 hoc
443 1130 576 1189 sepulchro“
594 1133 632 1177 vel
647 1132 694 1176 tale
711 1133 772 1187 quid.

150 1205 230 1258 Neque
247 1205 330 1247 desunt
346 1205 455 1259 exempla,
472 1204 511 1247 ubi
527 1207 629 1258 tempore
645 1204 722 1248 futuro
742 1207 844 1259 utuntur,
865 1217 893 1247 ex

91 1276 171 1329 quibus
189 1277 245 1320 baec
261 1276 341 1319 affero:
360 1276 482 1332 „Quiescet
497 1277 521 1320 in
537 1277 606 1330 pace“
623 1277 768 1332 (11111174),
787 1276 844 1332 ,,Η11
860 1289 893 1320 11-

90 1348 191 1401 quiescet
211 1349 235 1391 in
255 1360 333 1391 somno
349 1349 426 1402 pacis“
443 1349 587 1403 (Dulcis).
620 1349 693 1392 Multo
711 1352 786 1391 autem
802 1348 892 1402 saepius

91 1421 117 1462 de
139 1423 212 1464 morte
236 1421 315 1476 agitur
336 1423 439 1475 tempore
461 1420 570 1475 perfecto,
594 1424 630 1464 ut:
652 1420 759 1477 „Quierit
777 1420 801 1463 in
820 1421 890 1475 pace“

90 1490 157 1546 (JOH
175 1494 219 1548 17),
239 1492 375 1548 ,Requierit
390 1493 415 1536 in
429 1491 498 1547 pace“
518 1493 584 1547 (JOH
601 1495 630 1548 3),
649 1492 786 1548 „Requievit
801 1492 825 1535 in
836 1505 891 1546 pace

89 1563 186 1607 1101111111α
205 1564 274 1618 (11οΗ
285 1565 347 1619 306),
369 1566 528 1620 ,,Ο1)[1011111111
546 1565 570 1608 in
589 1566 658 1620 pacc“
677 1565 743 1620 (JOH
760 1563 804 1621 21).

150 1636 259 1680 Omnibus
276 1638 310 1679 bis
326 1636 514 1691 inscriptionibus
533 1637 605 1681 rerba
626 1637 662 1692 „in
679 1637 748 1691 pace“
766 1637 892 1680 communia

89 1710 149 1761 sunt,
167 1720 226 1762 quae
242 1708 381 1752 christianos
398 1709 521 1764 seiungunt
540 1722 553 1751 a
572 1709 676 1764 paganis,
694 1710 739 1762 qui,
757 1721 891 1766 quamquam

88 1783 183 1824 mortem
199 1794 248 1824 cum
265 1793 342 1837 somno
355 1785 550 1836 comparaveruut,
562 1784 638 1825 tamen
649 1782 708 1825 hunc
724 1793 825 1825 somnum
842 1794 892 1825 esse

88 1864 188 1895 somnum
212 1854 275 1907 pacis
299 1854 397 1896 nondum
422 1854 582 1907 opinabantur.
616 1853 741 1896 Christiani
766 1865 826 1907 vero,
853 1855 891 1907 qui

87 1925 166 1978 primis
182 1925 322 1980 temporibus
337 1938 393 1979 prae
413 1926 550 1969 crudelitate
570 1929 639 1980 atque
658 1924 780 1968 ferocitate
796 1925 890 1979 impera-

87 1999 161 2040 torum
188 1998 311 2052 populique
338 2010 394 2051 pace
423 1998 500 2052 quieta
529 1997 575 2040 frui
602 2011 647 2041 non
674 1988 790 2053 poterant,
817 2002 891 2041 morte

87 2070 174 2113 demum
199 2083 223 2113 se
246 2083 259 2113 a
283 2070 346 2113 vitae
370 2070 568 2125 persecutionibus
592 2069 703 2124 malisque
726 2069 822 2113 liberari
845 2082 891 2113 nou

86 2141 227 2197 ignorabant
242 2143 338 2196 ideoque
354 2132 449 2186 mortem
464 2143 524 2185 idem
540 2141 589 2198 iere
606 2155 656 2185 esse
667 2144 737 2196 atque
752 2154 831 2195 pacem
847 2142 891 2185 sibi

87 2219 255 2269 persuaserant,
268 2216 404 2269 praesertim
416 2227 465 2258 cum
475 2218 557 2268 postea
569 2226 593 2257 se
603 2217 773 2258 resurrecturos
783 2226 892 2258 11111011-

86 2286 190 2331 fiderent.
214 2287 303 2342 Itaque,
317 2288 361 2330 etsi
372 2287 468 2331 omnium
479 2287 570 2330 illarum
581 2287 761 2341 inscriptionum,
773 2288 797 2329 in
809 2286 891 2341 quibus

86 2359 159 2403 verba
169 2359 205 2417 ,in
214 2360 283 2414 pace‘
292 2359 379 2414 scripta
386 2360 496 2414 ridemus,
505 2362 612 2403 auctores
620 2359 691 2403 fontis
700 2359 779 2402 biblici
788 2359 891 2402 conscios

86 2430 157 2476 fuisse
164 2433 254 2476 minime
263 2431 381 2488 contendo,
391 2437 467 2476 tamen
477 2433 506 2476 ab
515 2432 568 2487 illis,
579 2434 616 2487 qui
625 2432 692 2487 primi
699 2433 734 2475 ita
743 2433 890 2486 scripserunt,

86 2516 114 2547 ex
130 2504 220 2549 Psalmo
238 2508 320 2561 quarto
337 2505 443 2550 haustum
458 2504 530 2549 iuisse
542 2510 648 2549 constare
664 2505 719 2557 mibi
734 2505 833 2549 ridetur.

147 2579 202 2623 Cum
217 2579 253 2623 his
264 2579 339 2622 titulis
350 2578 385 2622 illi
396 2579 544 2634 componendi
555 2583 615 2633 sunt,
628 2578 667 2633 qui
681 2580 803 2622 secundum
819 2579 891 2622 verba

85 2651 257 2707 Apocalypseos
276 2651 385 2696 Joannis:
407 2652 596 2710 ῃ131111111011111,
618 2651 699 2705 quiin
720 2651 810 2695 domiuo
826 2650 892 2694 mori-

85 2728 164 2778 untur3
185 2726 265 2769 amodo
285 2725 330 2768 iarn
347 2719 404 2769 dicit
419 2724 525 2780 Spiritus,
543 2728 567 2767 ut
581 2725 727 2779 requiescant
744 2737 758 2767 a
773 2724 891 2768 laboribus

85 2797 144 2840 suis“
164 2797 228 2854 [XIV
237 2796 273 2854 13]
292 2800 361 2852 atque
378 2799 500 2842 secundum
517 2797 636 2852 epistulam
654 2799 684 2841 ad
700 2796 831 2841 Corinthios
847 2797 891 2851 pri-

85 2882 156 2914 orem:
171 2871 246 2926 „Ergo
259 2873 282 2914 et
297 2869 335 2924 qui
347 2870 488 2915 dormierunt
498 2870 522 2914 in
538 2869 637 2926 Christo,
649 2870 780 2925 perierunt“
794 2869 845 2926 [XV
854 2868 889 2925 18]
