2065 3365
537 307 736 348 —44—*

541 473 615 528 Caput
630 473 672 517 HI.

202 570 238 614 lie
261 569 401 626 Scriptnrae
421 568 509 615 Sacrae
531 571 681 615 versionibus
704 569 789 613 latinis
806 571 842 613 ab
864 569 1004 613 auctoribus

440 643 628 699 inscriptionum
644 642 770 687 adhibitis.

263 739 313 782 Hoc
329 740 352 782 in
369 739 445 793 capite
457 741 485 782 de
496 741 625 783 versionum
637 738 768 792 Scripturae
784 738 868 782 Sacrae
881 738 1005 781 latinarum

202 811 309 867 vestigiis
326 813 438 868 agendum
457 812 512 856 mihi
528 815 570 867 est,
592 811 688 867 quaein
707 811 893 865 inscriptionibus
911 811 1005 854 investi-

200 886 264 940 gavi.
296 884 360 929 Haec
377 898 431 929 vero
452 885 614 940 disputationis
633 897 687 939 pars
708 897 734 928 eo
750 885 846 928 maxime
866 886 962 939 spectat,
979 886 1005 926 ut

203 956 311 1013 Vulgata,
337 970 395 1012 quae
422 962 525 1013 vocatur,
553 958 686 1014 Hieronymi
712 957 884 1001 accuratissime
907 958 936 1001 ab
958 956 1005 1000 illis

203 1030 348 1074 versionibus
359 1034 499 1081 secernatur,
517 1023 575 1085 quae
586 1034 640 1074 ante
651 1030 759 1086 vulgatae
770 1029 883 1074 versionis
895 1029 1005 1085 originem

201 1103 380 1147 christianorum
398 1104 423 1146 in
442 1116 484 1147 usu
504 1108 575 1147 erant
609 1103 659 1159 Qua
679 1105 706 1147 de
725 1116 750 1146 re
770 1102 842 1146 fusius
862 1104 901 1146 Fr.
915 1103 1005 1146 Kaulen

204 1176 297 1229 scripsit
312 1176 336 1220 in
347 1176 407 1221 libro
421 1176 571 1234 „Geschicbtc
583 1179 624 1220 der
634 1176 779 1231 virgatas).
802 1176 860 1219 Mihi
870 1177 914 1219 hoc
924 1175 1006 1219 afferre

204 1247 305 1293 sufficiat
321 1253 375 1292 ante
385 1249 518 1304 Hieronymi
534 1250 661 1294 versionem
676 1249 800 1303 permultas
817 1248 875 1292 alias
889 1249 1005 1292 versiones

203 1321 288 1365 latinas
309 1322 485 1365 christianorum
505 1323 528 1365 in
547 1323 650 1366 manibus
673 1321 750 1376 fuisse,
768 1334 863 1376 quarum
885 1321 1005 1364 notissima

203 1393 264 1438 ltala
281 1395 361 1438 vocari
377 1394 442 1438 solet.
472 1393 553 1448 ltaque
568 1395 592 1437 in
609 1394 766 1449 comparandis
782 1394 854 1437 variis
869 1393 1006 1438 lectionibus

204 1479 249 1510 non
266 1467 338 1510 solnm
353 1467 464 1510 lectiones
480 1467 596 1521 Vulgatae
613 1470 636 1510 et
652 1467 733 1521 Italae,
750 1468 790 1511 sed
806 1468 874 1510 etiam
890 1466 1006 1521 Vulgatae

204 1543 228 1583 et
255 1540 349 1583 aliarum
376 1540 507 1584 versionum
536 1540 811 1594 antehieronymianarum
838 1539 1005 1593 componendae

204 1616 264 1665 sunt,
289 1625 383 1666 quarum
407 1613 516 1666 reliquias
543 1613 674 1666 saepissime
699 1614 760 1666 apud
783 1612 907 1666 scriptores
935 1612 1005 1656 66616-

204 1685 312 1728 siasticos
343 1685 428 1728 latinos
459 1686 564 1729 servatas
594 1686 724 1738 reperimus.
765 1685 918 1739 Hieronymus
945 1684 1006 1728 circa

204 1769 287 1800 annum
307 1759 351 1801 400
368 1758 492 1812 Vulgatam
514 1757 599 1811 publici
619 1758 675 1800 iuris
694 1757 760 1812 iecit3
783 1770 856 1812 neque
875 1769 930 1802 vero
949 1757 1006 1800 11666

204 1842 265 1873 nova
281 1831 355 1873 versio
376 1831 455 1873 statim
473 1831 497 1873 in
516 1834 567 1873 tota
587 1830 683 1874 ecclesia
702 1830 827 1874 christiana
844 1830 945 1885 valebat,
965 1832 1005 1874 sed

204 1904 344 1946 vetustiores
365 1915 454 1957 quiaque
473 1903 590 1947 versiones
610 1915 770 1957 nonnunquam
788 1903 963 1947 christianorum
982 1903 1006 1946 in

203 1976 312 2018 memoria
327 1976 483 2029 remanebant,
500 1976 535 2018 ita
545 1978 571 2018 ut
582 1975 657 2019 Italae
673 1976 774 2030 vestigia
790 1988 861 2030 nsque
877 1977 907 2019 ad
923 1988 1006 2019 annum

201 2047 416 2102 octingentesimum
427 2060 472 2091 non
483 2060 537 2091 raro
549 2050 641 2091 exstare
652 2048 740 2091 Kaulen
751 2049 839 2092 doceat.
861 2048 912 2092 Hoc
922 2049 1006 2092 nemini

203 2120 283 2162 mirum
303 2131 353 2163 esse
372 2120 488 2164 videbitur
506 2120 627 2175 praecipue
648 2120 673 2163 in
695 2120 742 2163 iliis
766 2121 886 2164 sententiis
908 2121 1006 2176 bibliois,

204 2203 262 2246 quae
278 2191 302 2234 in
318 2192 380 2235 cultu
396 2198 437 2235 ant
453 2192 564 2247 religione
580 2192 671 2247 saepius
686 2193 861 2246 usurpabantnr.
887 2193 970 2248 Itaque
981 2193 1006 2236 in

202 2264 390 2318 inscriptionibus
407 2266 535 2309 sententiae
550 2265 612 2320 illae⁷
629 2277 687 2319 qnae
702 2278 744 2319 per
759 2268 795 2309 tot
814 2266 905 2310 saecula
924 2266 948 2309 in
964 2279 1006 2310 usu

203 2335 303 2391 fuerant,
323 2349 417 2392 cumque
432 2337 461 2381 iis
480 2337 688 2382 vetustissimarum
704 2336 836 2395 Scripturae
852 2337 936 2382 Sacrae
955 2351 1006 2382 rer-

201 2411 291 2452 sianum
306 2409 417 2463 reliquiae
433 2412 597 2454 remanserunt.
631 2409 718 2466 Quibus
737 2410 867 2465 explanatis
884 2412 914 2455 ad
932 2412 1005 2466 ipsam

203 2494 250 2525 rein
266 2483 419 2537 aggrediatur.
446 2483 473 2525 ln
490 2482 562 2527 variis
578 2482 715 2526 lectionibus
732 2482 875 2528 conferendis
892 2496 945 2528 usus
957 2496 1006 2527 suin

203 2554 262 2596 libro
283 2554 323 2596 illo
342 2555 461 2598 notissimo
482 2555 623 2610 „Bibliorum
643 2556 763 2599 Sacrorum
782 2555 869 2600 latinae
888 2557 1005 2600 versiones

203 2625 334 2682 antiquae&
352 2640 417 2682 quem
431 2629 514 2672 Petrus
527 2628 634 2672 Sabatier
651 2627 752 2683 edidit2).
776 2628 803 2671 In
814 2629 856 2672 hoo
873 2641 940 2683 opere
957 2641 1006 2672 curn

201 2700 226 2742 in
250 2703 364 2753 apparatu
388 2700 467 2744 critico
492 2700 560 2743 etiam
584 2700 697 2745 versionis
720 2700 913 2757 Hieronymianae
936 2701 1005 2745 lectio

265 2870 283 2914 1)
297 2868 419 2916 linguntiaci
431 2871 485 2908 1868.

263 2930 283 2975 a)
295 2929 362 2967 nemis
375 2932 429 2968 1146.
