2065 3365
398 709 400 713 .
444 623 463 693 s
522 624 720 714 viris

226 844 289 881 Natus
302 854 347 881 sum
360 844 454 881 loachinr
468 843 580 883 Gensichen
593 853 610 880 a.
620 843 639 880 d.
648 842 698 879 XVI.
712 841 755 883 Kal.
768 842 820 880 Sext.
834 844 882 880 anni
894 854 913 889 p.
926 842 970 879 Chr.

165 917 184 942 n.
192 903 406 941 llDOOCLXXXVIlin
414 903 644 950 vico-Brandenburgiae
650 903 734 949 Polssen
740 903 797 949 patre
804 902 817 939 J
818 913 882 941 oanne
890 904 970 949 pastore

166 967 231 1002 matre
243 963 350 1001 Eliabetha
363 974 374 1001 e
386 966 447 1010 gente
458 963 529 1011 Heym,
543 974 592 1011 quos
606 963 675 1000 ambos
687 962 753 1000 adhuc
767 963 833 1007 valere
845 955 972 1010 summopere

165 1025 250 1072 gaudeo.
277 1024 345 1061 Fidem
363 1024 459 1072 profiteor
477 1024 619 1071 evangelicam.
647 1023 719 1061 Primis
736 1023 848 1061 litterarum
867 1018 970 1061 elementis

163 1096 176 1122 a
188 1086 246 1132 patre
258 1085 369 1121 instructus
385 1085 434 1122 inde
447 1085 472 1122 ab
488 1095 540 1122 auno
553 1084 607 1122 Mon
619 1094 684 1131 usque
699 1084 725 1121 ad
742 1094 817 1121 aunum
829 1083 901 1121 hicuv
914 1076 970 1131 gum·

165 1146 244 1182 nasium
262 1144 354 1192 oppiduli
366 1146 518 1183 Pommeraniae
535 1145 593 1182 Gartz
611 1145 744 1192 frequentavi,
761 1138 970 1189 undetestimonium

164 1206 287 1242 maturitatis
304 1207 409 1242 assecutus
423 1206 533 1252 Gryphium
549 1215 582 1242 me
596 1204 677 1242 contuli,
703 1204 740 1241 Hic
757 1214 793 1251 per
810 1205 850 1241 tria
866 1205 970 1241 semestria

163 1266 277 1312 theologiae
291 1271 310 1303 et
322 1266 446 1313 philologiae
459 1266 556 1303 classicae
565 1265 632 1303 studio
645 1265 719 1302 novavi
728 1274 814 1312 operam.
840 1264 892 1302 Tum
902 1265 969 1302 hieme

162 1326 212 1363 anni
225 1325 306 1363 HGllVl
320 1326 435 1364 Beroiinum
448 1326 597 1373 transmigravi,
615 1326 651 1363 ubi
669 1336 704 1363 sex
717 1336 796 1363 menses
813 1326 844 1363 fui
862 1319 912 1365 civis
925 1336 969 1363 aca-

163 1387 259 1423 demicus.
281 1386 319 1423 Per
328 1388 426 1424 aestatem
434 1388 482 1424 anni
489 1386 580 1424 thllVII
586 1386 711 1433 Buckovviae,
720 1386 756 1423 ubi
763 1396 816 1423 nnnc
824 1387 916 1432 parentes
929 1387 970 1423 mei

162 1446 261 1493 habitant,
282 1449 371 1484 moratus
391 1458 435 1484 sum
457 1448 546 1494 corporis
567 1446 707 1484 imbecillitate
725 1447 841 1493 impeditus,
862 1447 969 1494 quominus

162 1507 231 1544 studia
252 1517 297 1544 mea
320 1509 463 1546 continuarem.
504 1509 573 1546 Hieme
593 1508 641 1545 anni
666 1507 756 1545 llOllVlI
777 1506 886 1553 Gryphiarn
911 1507 969 1554 redii.

161 1567 330 1605 Docueruntme:
693 1582 695 1588 ’
738 1599 739 1604 ,

211 1628 329 1666 Beroiini:
354 1629 415 1675 Diels,
442 1629 538 1675 Kleinert,
563 1628 599 1667 Ed.
620 1628 693 1676 lleyer,
718 1628 804 1674 Norden,
832 1628 916 1675 Vahlen,
944 1629 969 1667 de
997 1632 998 1635 ’

351 1689 637 1736 Wilamorvitz-lloelleodorff,
907 1686 909 1689 ’

211 1748 342 1795 Gryphiae:
351 1750 426 1797 Bickel,
435 1750 568 1798 Bor-ohauser,
578 1750 659 1797 Geroke,
669 1750 798 1796 Haussleiter,
808 1749 881 1797 Heller,
890 1751 968 1797 Hosius,

349 1810 430 1857 Jordan,
438 1810 523 1855 Kallius,
531 1810 602 1856 Kiigei,
609 1809 671 1856 Krcll,
678 1810 744 1856 Oettli,
754 1809 873 1857 Oldenberg,
879 1809 967 1857 Pernice,

350 1871 458 1918 Prooksch,
476 1870 631 1918 Radermacher,
648 1870 744 1915 Rehmke,
763 1870 862 1916 Schultze,
880 1870 968 1917 Semi-au,

350 1931 430 1979 Stange,
457 1931 545 1978 11111111,
572 1931 667 1978 11111111,
692 1931 717 1968 de
738 1931 872 1977 Wencksteru,
897 1932 967 1977 Wilke,

352 1992 440 2039 Zupitza.

222 2051 362 2090 Proseminarii
372 2053 492 2099 philologici
500 2062 536 2100 per
549 2053 599 2090 duos
608 2062 671 2089 annos
681 2052 787 2099 Gryphiae,
800 2063 836 2099 per
845 2063 880 2090 sex
888 2063 967 2090 menses

161 2112 250 2150 Beroliui
258 2113 333 2150 sodalis
343 2123 398 2150 eram
404 2112 556 2151 moderantibus
565 2112 641 2158 Bickel,
649 2113 710 2158 Kroll,
718 2112 872 2158 Radermacher,
881 2111 967 2150 Norden.

161 2172 188 2210 Ut
197 2173 299 2211 sodalibus
308 2174 412 2211 seminarii
420 2173 538 2221 philologici
547 2173 672 2211 adscriberer
685 2175 745 2220 atque
757 2173 832 2220 perbis
845 2183 880 2210 sex
888 2183 967 2210 menses

160 2233 193 2270 his
213 2234 390 2271 exercitationibus
410 2235 535 2281 interessem,
555 2234 634 2271 Alfredi
649 2233 725 2271 Gerclre
743 2236 803 2281 atque
817 2233 882 2271 Caroli
895 2233 967 2271 Hosius

160 2294 301 2331 benevolentia
308 2296 430 2341 permissum
437 2298 473 2332 est.
494 2295 600 2332 Praeterea
609 2296 636 2332 ad
644 2295 805 2342 archaeologicas
813 2295 967 2332 exercitationes

160 2353 249 2402 Pernice,
268 2355 294 2391 ad
313 2356 422 2392 seminaria
434 2354 512 2392 Veteris
532 2357 552 2392 et
570 2355 622 2393 Novi
634 2355 759 2392 Testamenti
775 2355 841 2401 Oettli‚
859 2355 967 2401 Procksch,

161 2414 285 2452 Haussleiter
298 2425 330 2452 me
343 2416 475 2453 admiserunt.

222 2475 318 2513 Omnibus
331 2476 363 2513 his
377 2476 426 2513 viris
440 2475 563 2513 doctissimis
578 2486 656 2523 semper
673 2487 704 2513 me
717 2479 797 2523 gratum
811 2478 854 2514 iore
866 2476 967 2524 profiteor,

160 2535 181 2572 in
194 2535 264 2581 primis
279 2536 348 2573 Carolo
361 2537 441 2582 Hosius,
459 2538 494 2584 qui
507 2538 665 2585 omnitempore
678 2538 699 2575 in
713 2538 785 2575 studiis
798 2538 848 2576 meis
862 2537 913 2575 mihi
926 2538 966 2575 dux

160 2597 181 2632 et
194 2595 273 2633 adiutor
288 2597 491 2636 benevolentissimus
508 2600 556 2645 erat,
573 2600 634 2646 atque
647 2598 724 2636 Victori
737 2598 836 2645 Schultne,
853 2608 913 2645 quem
928 2598 967 2635 hoc

159 2657 181 2693 in
195 2657 291 2704 opusculo
305 2658 435 2705 concipiendo
449 2669 527 2706 semper
539 2659 591 2697 mihi
603 2659 748 2706 benignissime
761 2660 850 2699 adfuisse
863 2670 966 2707 nunquam

158 2717 274 2755 obliviscar.
